@Misc{MetOffice,
  author  = {{Meteorological Office}},
  date    = {2023},
  title   = {History of numerical weather prediction},
  url     = {https://www.metoffice.gov.uk/weather/learn-about/how-forecasts-are-made/computer-models/history-of-numerical-weather-prediction},
  urldate = {2023-07-24},
}

@Manual{schaettler2021,
  author    = {Schättler, U. and Doms, G. and Schraff, C.},
  date      = {2021},
  title     = {COSMO-Model Version 6.00: A Description of the Nonhydrostatic Regional COSMO-Model - Part VII: User’s Guide},
  doi       = {10.5676/DWD_PUB/NWV/COSMO-DOC_6.00_VII},
  publisher = {COSMO Consortium for Small-Scale Modelling},
}

@Misc{schulzweida2022,
  author    = {Schulzweida, Uwe},
  date      = {2022-10},
  title     = {CDO User Guide},
  doi       = {10.5281/zenodo.7112925},
  version   = {2.1.0},
  copyright = {Creative Commons Attribution Share Alike 4.0 International},
  keywords  = {NetCDF, GRIB, interpolation, remapping, analysis, processing, CDO, Climate Data Operator},
  publisher = {Zenodo},
}

@Comment{jabref-meta: databaseType:biblatex;}
